@inbook{Constantin2017,
  title = {Numerical Sets,  Core Partitions,  and Integer Points in Polytopes},
  ISBN = {9783319680323},
  ISSN = {2194-1017},
  url = {http://dx.doi.org/10.1007/978-3-319-68032-3_7},
  DOI = {10.1007/978-3-319-68032-3_7},
  booktitle = {Combinatorial and Additive Number Theory II},
  publisher = {Springer International Publishing},
  author = {Constantin,  Hannah and Houston-Edwards,  Ben and Kaplan,  Nathan},
  year = {2017},
  pages = {99–127}
}
@article{Antokoletz2002,
  title = {Symmetry and Factorization of Numerical Sets and Monoids},
  volume = {247},
  ISSN = {0021-8693},
  url = {http://dx.doi.org/10.1006/jabr.2001.8994},
  DOI = {10.1006/jabr.2001.8994},
  number = {2},
  journal = {Journal of Algebra},
  publisher = {Elsevier BV},
  author = {Antokoletz,  Eric and Miller,  Andy},
  year = {2002},
  month = jan,
  pages = {636–671}
}
@book{Rosales2009,
  title = {Numerical Semigroups},
  ISBN = {9781441901606},
  ISSN = {1389-2177},
  url = {http://dx.doi.org/10.1007/978-1-4419-0160-6},
  DOI = {10.1007/978-1-4419-0160-6},
  journal = {Developments in Mathematics},
  publisher = {Springer New York},
  author = {Rosales,  J.C. and García-Sánchez,  P. A.},
  year = {2009}
}
@misc{kaplan2019families,
  author       = {Nathan Kaplan},
  title        = {Families of Numerical Semigroups: Kunz Coordinates and Semigroup Trees},
  organization = {AMS 2019: Factorization and Arithmetic Properties of Integral Domains and Monoids},
  url = {https://cdoneill.sdsu.edu/conferences/2019honolulu/slides/kaplan.pdf},
  address      = {University of California, Irvine},
  year         = {2019},
  month        = mar,
  day          = 22,
  note         = {Presented on March 22, 2019}
}
@article{Pflueger_2021,
   title={Weierstrass semigroups on Castelnuovo curves},
   volume={582},
   ISSN={0021-8693},
   url={http://dx.doi.org/10.1016/j.jalgebra.2021.04.020},
   DOI={10.1016/j.jalgebra.2021.04.020},
   journal={Journal of Algebra},
   publisher={Elsevier BV},
   author={Pflueger, Nathan},
   year={2021},
   month=sep, pages={117–135} }
@article{Pflueger_2018,
   title={On nonprimitive Weierstrass points},
   volume={12},
   ISSN={1937-0652},
   url={http://dx.doi.org/10.2140/ant.2018.12.1923},
   DOI={10.2140/ant.2018.12.1923},
   number={8},
   journal={Algebra &amp; Number Theory},
   publisher={Mathematical Sciences Publishers},
   author={Pflueger, Nathan},
   year={2018},
   month=dec, pages={1923–1947} }
